@Manual{citeR,
    title = {R: A Language and Environment for Statistical Computing},
    author = {{R Core Team}},
    organization = {R Foundation for Statistical Computing},
    address = {Vienna, Austria},
    year = {2023},
    url = {https://www.R-project.org/},
}

@Article{citeTidyverse,
    title = {Welcome to the {tidyverse}},
    author = {Hadley Wickham and Mara Averick and Jennifer Bryan and Winston Chang and Lucy D'Agostino McGowan and Romain François and Garrett Grolemund and Alex Hayes and Lionel Henry and Jim Hester and Max Kuhn and Thomas Lin Pedersen and Evan Miller and Stephan Milton Bache and Kirill Müller and Jeroen Ooms and David Robinson and Dana Paige Seidel and Vitalie Spinu and Kohske Takahashi and Davis Vaughan and Claus Wilke and Kara Woo and Hiroaki Yutani},
    year = {2019},
    journal = {Journal of Open Source Software},
    volume = {4},
    number = {43},
    pages = {1686},
    doi = {10.21105/joss.01686},
}

@Manual{citeOpendatatoronto,
    title = {opendatatoronto: Access the Toronto Open Data Portal},
    author = {D. Gelfand},
    year = {2022},
    note = {R package version 0.1.0},
    url = {https://CRAN.R-project.org/package=opendatatoronto},
}

@Manual{citeGgplot2,
    title = {ggplot2: Elegant Graphics for Data Analysis},
    author = {H. Wickham},
    year = {2016},
    publisher = {Springer-Verlag New York},
    url = {https://ggplot2.tidyverse.org},
}

@Manual{citeLubridate,
    title = {lubridate: Make Dealing with Dates a Little Easier},
    author = {Garrett Grolemund and Hadley Wickham},
    year = {2011},
    note = {R package version 1.7.10},
    url = {https://CRAN.R-project.org/package=lubridate},
}

@Article{cdc2024,
    title = {Posting Inspection Scores Reduces Foodborne Illness Outbreaks in Restaurants},
    author = {{Centers for Disease Control and Prevention}},
    journal = {Food Safety Insights},
    year = {2024},
    url = {https://www.cdc.gov/foodsafety/},
}

@Article{hazel2023,
    title = {Post-Pandemic Food Safety Compliance: Key Insights from Health Inspections},
    author = {Hazel Analytics},
    year = {2023},
    journal = {Nation’s Restaurant News},
    url = {https://www.nrn.com/food-safety/post-pandemic-food-safety-compliance},
}

@Article{fsa2023,
    title = {The Impact of Displaying Food Hygiene Ratings on Compliance},
    author = {Food Standards Agency},
    year = {2023},
    journal = {FSA Research and Evidence},
    url = {https://science.food.gov.uk/},
}

@Article{mdpi2023,
    title = {Using Machine Learning to Predict Non-Compliant Food Outlets},
    author = {MDPI Journal of Public Health},
    year = {2023},
    journal = {MDPI Open Access},
    url = {https://www.mdpi.com/journal/publichealth},
}

@misc{tphlicense,
  title = {Open Government Licence – Toronto},
  author = {City of Toronto},
  year = {2024},
  url = {https://open.toronto.ca/open-data-license/}
}
